@article{premack1978does,
  title={Does the chimpanzee have a theory of mind?},
  author={Premack, David and Woodruff, Guy},
  journal={Behavioral and brain sciences},
  volume={1},
  number={4},
  pages={515--526},
  year={1978},
  publisher={Cambridge University Press}
}

@article{frith2006neural,
  title={The neural basis of mentalizing},
  author={Frith, Chris D and Frith, Uta},
  journal={Neuron},
  volume={50},
  number={4},
  pages={531--534},
  year={2006},
  publisher={Elsevier}
}

@book{dennett1989intentional,
  title={The intentional stance},
  author={Dennett, Daniel C},
  year={1989},
  publisher={MIT press}
}

@article{frank2017collaborative,
	Author = {Frank, Michael C and Bergelson, Elika and Bergmann, Christina and Cristia, Alejandrina and Floccia, Caroline and Gervain, Judit and Hamlin, J Kiley and Hannon, Erin E and Kline, Melissa and Levelt, Claartje and Lew‐Williams, Casey and Nazzi, Thierry and Panneton, Robin and Rabagliati, Hugh and Soderstrom, Melanie and Sullivan, Jessica and Waxman, Sandra and Yurovsky, Daniel},
	Date-Modified = {2019-03-07 16:44:10 -0800},
	Doi = {10.1111/infa.12182},
	Journal = {Infancy},
	Number = {4},
	Pages = {421--435},
	Publisher = {Wiley Online Library},
	Title = {A collaborative approach to infant research: Promoting reproducibility, best practices, and theory-building},
	Volume = {22},
	Year = {2017},
	Bdsk-Url-1 = {https://doi.org/10.1111/infa.12182}}

@article{manybabies2020quantifying,
  title={Quantifying sources of variability in infancy research using the infant-directed-speech preference},
  author={ManyBabies Consortium, },
  journal={Advances in Methods and Practices in Psychological Science},
  volume={3},
  number={1},
  pages={24--52},
  year={2020},
  publisher={SAGE Publications Sage CA: Los Angeles, CA},
}
@Manual{R-base,
  title = {R: A Language and Environment for Statistical Computing},
  author = {{R Core Team}},
  organization = {R Foundation for Statistical Computing},
  address = {Vienna, Austria},
  year = {2024},
  url = {https://www.R-project.org/},
}
@Manual{R-dplyr,
  title = {dplyr: A Grammar of Data Manipulation},
  author = {Hadley Wickham and Romain François and Lionel Henry and Kirill Müller and Davis Vaughan},
  year = {2023},
  note = {R package version 1.1.4},
  url = {https://CRAN.R-project.org/package=dplyr},
}
@Manual{R-forcats,
  title = {forcats: Tools for Working with Categorical Variables (Factors)},
  author = {Hadley Wickham},
  year = {2023},
  note = {R package version 1.0.0},
  url = {https://CRAN.R-project.org/package=forcats},
}
@Book{R-ggplot2,
  author = {Hadley Wickham},
  title = {ggplot2: Elegant Graphics for Data Analysis},
  publisher = {Springer-Verlag New York},
  year = {2016},
  isbn = {978-3-319-24277-4},
  url = {https://ggplot2.tidyverse.org},
}
@Manual{R-ggthemes,
  title = {ggthemes: Extra Themes, Scales and Geoms for 'ggplot2'},
  author = {Jeffrey B. Arnold},
  year = {2024},
  note = {R package version 5.1.0},
  url = {https://CRAN.R-project.org/package=ggthemes},
}
@Manual{R-here,
  title = {here: A Simpler Way to Find Your Files},
  author = {Kirill Müller},
  year = {2020},
  note = {R package version 1.0.1},
  url = {https://CRAN.R-project.org/package=here},
}
@Book{R-knitr,
  title = {Dynamic Documents with {R} and knitr},
  author = {Yihui Xie},
  publisher = {Chapman and Hall/CRC},
  address = {Boca Raton, Florida},
  year = {2015},
  edition = {2nd},
  note = {ISBN 978-1498716963},
  url = {https://yihui.org/knitr/},
}
@Article{R-lubridate,
  title = {Dates and Times Made Easy with {lubridate}},
  author = {Garrett Grolemund and Hadley Wickham},
  journal = {Journal of Statistical Software},
  year = {2011},
  volume = {40},
  number = {3},
  pages = {1--25},
  url = {https://www.jstatsoft.org/v40/i03/},
}
@Manual{R-papaja,
  title = {{papaja}: {Prepare} reproducible {APA} journal articles with {R Markdown}},
  author = {Frederik Aust and Marius Barth},
  year = {2023},
  note = {R package version 0.1.2},
  url = {https://github.com/crsh/papaja},
}
@Manual{R-purrr,
  title = {purrr: Functional Programming Tools},
  author = {Hadley Wickham and Lionel Henry},
  year = {2023},
  note = {R package version 1.0.2},
  url = {https://CRAN.R-project.org/package=purrr},
}
@Manual{R-readr,
  title = {readr: Read Rectangular Text Data},
  author = {Hadley Wickham and Jim Hester and Jennifer Bryan},
  year = {2024},
  note = {R package version 2.1.5},
  url = {https://CRAN.R-project.org/package=readr},
}
@Manual{R-stringr,
  title = {stringr: Simple, Consistent Wrappers for Common String Operations},
  author = {Hadley Wickham},
  year = {2023},
  note = {R package version 1.5.1},
  url = {https://CRAN.R-project.org/package=stringr},
}
@Manual{R-tibble,
  title = {tibble: Simple Data Frames},
  author = {Kirill Müller and Hadley Wickham},
  year = {2023},
  note = {R package version 3.2.1},
  url = {https://CRAN.R-project.org/package=tibble},
}
@Manual{R-tidyr,
  title = {tidyr: Tidy Messy Data},
  author = {Hadley Wickham and Davis Vaughan and Maximilian Girlich},
  year = {2024},
  note = {R package version 1.3.1},
  url = {https://CRAN.R-project.org/package=tidyr},
}
@Article{R-tidyverse,
  title = {Welcome to the {tidyverse}},
  author = {Hadley Wickham and Mara Averick and Jennifer Bryan and Winston Chang and Lucy D'Agostino McGowan and Romain François and Garrett Grolemund and Alex Hayes and Lionel Henry and Jim Hester and Max Kuhn and Thomas Lin Pedersen and Evan Miller and Stephan Milton Bache and Kirill Müller and Jeroen Ooms and David Robinson and Dana Paige Seidel and Vitalie Spinu and Kohske Takahashi and Davis Vaughan and Claus Wilke and Kara Woo and Hiroaki Yutani},
  year = {2019},
  journal = {Journal of Open Source Software},
  volume = {4},
  number = {43},
  pages = {1686},
  doi = {10.21105/joss.01686},
}
@Manual{R-tinylabels,
  title = {{tinylabels}: Lightweight Variable Labels},
  author = {Marius Barth},
  year = {2023},
  note = {R package version 0.2.4},
  url = {https://cran.r-project.org/package=tinylabels},
}
